% This file was created with JabRef 2.10b2.
% Encoding: UTF-8


@Article{alper1993dielectric,
  Title                    = {Dielectric and thermodynamic response of a generalized reaction field model for liquid state simulations},
  Author                   = {Alper, Howard and Levy, Ronald M},
  Journal                  = {The Journal of chemical physics},
  Year                     = {1993},
  Note                     = {Levy and Alper adopt a useful approach similar to kirkwood1934 to develop a generalized reaciton field},
  Number                   = {12},
  Pages                    = {9847--9852},
  Volume                   = {99},

  Publisher                = {AIP}
}

@Article{barker1973monte,
  Title                    = {Monte Carlo studies of the dielectric properties of water-like models},
  Author                   = {Barker, JA and Watts, RO},
  Journal                  = {Molecular Physics},
  Year                     = {1973},
  Note                     = {BWRF original development. Downloaded (you can find it  on my outlook)},
  Number                   = {3},
  Pages                    = {789--792},
  Volume                   = {26},

  Publisher                = {Taylor \& Francis}
}

@Article{kirkwood1934theory,
  Title                    = {Theory of solutions of molecules containing widely separated charges with special application to zwitterions},
  Author                   = {Kirkwood, John G},
  Journal                  = {The Journal of Chemical Physics},
  Year                     = {1934},
  Note                     = {Paper adopted by Tironi for reactionfield useage. Kirkwood's model a neutral peptide containing partial charges, confined statically within a sphere sourrounded by a dielectric continuum containing an electrolyte. The ions were allowed to approach the sphere only to a minimal distance. K. has derived the expressions for the activity coefficient and the chemical potential for the peptiide},
  Number                   = {7},
  Pages                    = {351--361},
  Volume                   = {2},

  Publisher                = {AIP}
}

@Book{leach2001molecular,
  Title                    = {Molecular modelling: principles and applications},
  Author                   = {Leach, Andrew R},
  Publisher                = {Pearson education},
  Year                     = {2001},
  Note                     = {Leach book has a fantastic explanation on quadrupoles - page 197-207}
}

@Article{neumann1983dipole,
  Title                    = {Dipole moment fluctuation formulas in computer simulations of polar systems},
  Author                   = {Neumann, Martin},
  Journal                  = {Molecular Physics},
  Year                     = {1983},
  Note                     = {Dipole moment fluctuation formula - first time it was derived and applied for PME harging problems},
  Number                   = {4},
  Pages                    = {841--858},
  Volume                   = {50},

  Publisher                = {Taylor \& Francis}
}

@Article{neumann1984computer,
  Title                    = {Computer simulation and the dielectric constant of polarizable polar systems},
  Author                   = {Neumann, M and Steinhauser, O},
  Journal                  = {Chemical physics letters},
  Year                     = {1984},
  Note                     = {Paper on polariable systems},
  Number                   = {6},
  Pages                    = {563--569},
  Volume                   = {106},

  Publisher                = {Elsevier}
}

@Article{neumann1983calculation,
  Title                    = {On the calculation of the frequency-dependent dielectric constant in computer simulations},
  Author                   = {Neumann, M and Steinhauser, O},
  Journal                  = {Chemical physics letters},
  Year                     = {1983},
  Note                     = {Calculation of frequency dependent dielctric constant},
  Number                   = {6},
  Pages                    = {508--513},
  Volume                   = {102},

  Publisher                = {Elsevier}
}

@Article{neumann1980influence,
  Title                    = {The influence of boundary conditions used in machine simulations on the structure of polar systems},
  Author                   = {Neumann, Martin and Steinhauser, O},
  Journal                  = {Molecular Physics},
  Year                     = {1980},
  Note                     = {First paper which realizes PBC may be a problem - They are using PME},
  Number                   = {2},
  Pages                    = {437--454},
  Volume                   = {39},

  Publisher                = {Taylor \& Francis}
}

@Article{onsager1936electric,
  Title                    = {Electric moments of molecules in liquids},
  Author                   = {Onsager, Lars},
  Journal                  = {Journal of the American Chemical Society},
  Year                     = {1936},
  Note                     = {Paper of Onsager, first original derivation of a reaction field},
  Number                   = {8},
  Pages                    = {1486--1493},
  Volume                   = {58},

  Publisher                = {ACS Publications}
}

@Article{tironi1995generalized,
  Title                    = {A generalized reaction field method for molecular dynamics simulations},
  Author                   = {Tironi, Ilario G and Sperb, Ren{\'e} and Smith, Paul E and van Gunsteren, Wilfred F},
  Journal                  = {The Journal of chemical physics},
  Year                     = {1995},
  Note                     = {Derivation of a generalized reaction field by Tironi. This should be implemented in OpenMM},
  Number                   = {13},
  Pages                    = {5451--5459},
  Volume                   = {102},

  Publisher                = {AIP}
}

